<?xml version="1.0" encoding="UTF-8"?><collection xmlns="http://www.loc.gov/MARC21/slim"><record><leader>00409nam--2200133-i-4500</leader><controlfield tag="001">000035248</controlfield><controlfield tag="002">20161230</controlfield><controlfield tag="005">20161230201040</controlfield><controlfield tag="008">060222s1000------------r-----000-0-eng-d</controlfield><datafield ind1=" " ind2=" " tag="080"><subfield code="a">681.3.06</subfield></datafield><datafield ind1=" " ind2=" " tag="245"><subfield code="a">Reihe automatisierungstechnik. hrsg.von b.wagner und g.schwarze. bd.103: algol-training. eufgaben mit losungen</subfield></datafield><datafield ind1=" " ind2=" " tag="260"><subfield code="a">Berlin, Veb Verlag Technik, 1971, 87p</subfield></datafield><datafield ind1=" " ind2=" " tag="700"><subfield code="a">Paulin, Gerhard</subfield></datafield><datafield ind1=" " ind2=" " tag="852"><subfield code="a">21865</subfield></datafield></record></collection>